<record><leader>00000cas a22000007a 4500</leader><controlfield tag="001">24789484</controlfield><controlfield tag="008">911115d1854185upauwr ne      0   a0eng d</controlfield><datafield ind1=" " ind2=" " tag="010"><subfield code="a">  2010218532</subfield></datafield><datafield ind1=" " ind2=" " tag="040"><subfield code="a">NPH</subfield><subfield code="b">eng</subfield><subfield code="c">NPH</subfield><subfield code="d">OCLCQ</subfield><subfield code="d">DLC</subfield><subfield code="d">OCLCF</subfield></datafield><datafield ind1=" " ind2=" " tag="042"><subfield code="a">msc</subfield></datafield><datafield ind1=" " ind2=" " tag="043"><subfield code="a">n-us-pa</subfield></datafield><datafield ind1="0" ind2="0" tag="050"><subfield code="a">Newspaper</subfield></datafield><datafield ind1="0" ind2=" " tag="130"><subfield code="a">York Republican (York, Pa. : 1854)</subfield></datafield><datafield ind1="1" ind2="4" tag="245"><subfield code="a">The York Republican.</subfield></datafield><datafield ind1=" " ind2=" " tag="260"><subfield code="a">York, Pa. :</subfield><subfield code="b">S.J. &amp; W.C. Shay</subfield></datafield><datafield ind1=" " ind2=" " tag="300"><subfield code="a">v. :</subfield><subfield code="b">ill. ;</subfield><subfield code="c">61 cm.</subfield></datafield><datafield ind1=" " ind2=" " tag="310"><subfield code="a">Weekly</subfield></datafield><datafield ind1="1" ind2=" " tag="362"><subfield code="a">Began in 1854.</subfield></datafield><datafield ind1=" " ind2=" " tag="515"><subfield code="a">Issues for July 26, 1854-Jan. 5, 1859&gt; called also &lt;whole no. 1266-1496&gt;.</subfield></datafield><datafield ind1=" " ind2=" " tag="588"><subfield code="a">Description based on: New ser. vol. 3, no. 3 (July 26, 1854).</subfield></datafield><datafield ind1=" " ind2="0" tag="651"><subfield code="a">York (Pa.)</subfield><subfield code="v">Newspapers.</subfield></datafield><datafield ind1=" " ind2="7" tag="655"><subfield code="a">Newspapers.</subfield><subfield code="2">fast</subfield><subfield code="0">(OCoLC)fst01423814</subfield></datafield><datafield ind1=" " ind2="7" tag="651"><subfield code="a">Pennsylvania</subfield><subfield code="z">York.</subfield><subfield code="2">fast</subfield><subfield code="0">(OCoLC)fst01202834</subfield></datafield><datafield ind1=" " ind2=" " tag="752"><subfield code="a">United States</subfield><subfield code="b">Pennsylvania</subfield><subfield code="c">York</subfield><subfield code="d">York.</subfield></datafield><datafield ind1="0" ind2="0" tag="780"><subfield code="t">Pennsylvania Republican (York, Pa.)</subfield><subfield code="w">(DLC)sn 87052003</subfield><subfield code="w">(OCoLC)15037840</subfield></datafield><datafield ind1="0" ind2="0" tag="785"><subfield code="t">Weekly York Republican</subfield><subfield code="w">(DLC)sn 91070084</subfield><subfield code="w">(OCoLC)24465195</subfield></datafield></record>